<?xml version="1.0" encoding="UTF-8"?><collection xmlns="http://www.loc.gov/MARC21/slim"><record><leader>00388nam--2200145-i-4500</leader><controlfield tag="001">000004840</controlfield><controlfield tag="002">20161230</controlfield><controlfield tag="005">20170104005729</controlfield><controlfield tag="008">060222s1000------------r-----000-0-eng-d</controlfield><datafield ind1=" " ind2=" " tag="100"><subfield code="a">Blanc-Lapierre, Andre</subfield></datafield><datafield ind1=" " ind2=" " tag="245"><subfield code="a">Methodes Mathematique De La Mecanique Statisti Que</subfield></datafield><datafield ind1=" " ind2=" " tag="260"><subfield code="a">Paris</subfield><subfield code="b">Masso Et C-ie</subfield><subfield code="c">1959</subfield></datafield><datafield ind1=" " ind2=" " tag="300"><subfield code="a">X + 180 p</subfield></datafield><datafield ind1=" " ind2=" " tag="700"><subfield code="a">Tortrat, A</subfield></datafield><datafield ind1=" " ind2=" " tag="CAT"><subfield code="a">SYS</subfield><subfield code="c">20170104</subfield><subfield code="h">005729</subfield></datafield></record></collection>